<collection xmlns="http://www.loc.gov/MARC21/slim">
<record>
  <leader>00826nam0a22002291i 450 </leader>
  <controlfield tag="001">IT\ICCU\CNCE\039960</controlfield>
  <controlfield tag="005">20000105000000.0</controlfield>
  <datafield tag="100" ind1=" " ind2=" ">
    <subfield code="a">19981113d1569        0itac0103    ba</subfield>
  </datafield>
  <datafield tag="101" ind1=" " ind2=" ">
    <subfield code="a">LAT</subfield>
  </datafield>
  <datafield tag="102" ind1=" " ind2=" ">
    <subfield code="a">IT</subfield>
  </datafield>
  <datafield tag="200" ind1="1" ind2=" ">
    <subfield code="a">Commentariorum in Quartum Sententiarum, tomus primus \-secundus!</subfield>
  </datafield>
  <datafield tag="210" ind1=" " ind2=" ">
    <subfield code="a">Venetiis</subfield>
    <subfield code="c">Gir. Zenari</subfield>
    <subfield code="d">1569</subfield>
  </datafield>
  <datafield tag="215" ind1=" " ind2=" ">
    <subfield code="a">1v.</subfield>
    <subfield code="d">4ʻ</subfield>
  </datafield>
  <datafield tag="300" ind1=" " ind2=" ">
    <subfield code="a">E&apos; la 41461</subfield>
  </datafield>
  <datafield tag="620" ind1=" " ind2=" ">
    <subfield code="a">IT</subfield>
    <subfield code="d">Venezia</subfield>
  </datafield>
  <datafield tag="700" ind1=" " ind2="1">
    <subfield code="a">Soto,</subfield>
    <subfield code="b">Domingo : de</subfield>
    <subfield code="3">IT\ICCU\CNCA\006942</subfield>
  </datafield>
  <datafield tag="712" ind1="0" ind2="0">
    <subfield code="a">Zenaro, Girolamo</subfield>
    <subfield code="3">IT\ICCU\CNCT\003330</subfield>
    <subfield code="4">650</subfield>
  </datafield>
  <datafield tag="790" ind1=" " ind2="1">
    <subfield code="a">Soto,</subfield>
    <subfield code="b">Dominicus</subfield>
    <subfield code="3">IT\ICCU\CNCA\024238</subfield>
    <subfield code="z">Soto, Domingo : de</subfield>
  </datafield>
  <datafield tag="791" ind1="0" ind2="0">
    <subfield code="a">Zenarus, Hieronymus</subfield>
    <subfield code="3">IT\ICCU\CNCT\005826</subfield>
    <subfield code="z">Zenaro, Girolamo</subfield>
  </datafield>
  <datafield tag="791" ind1="0" ind2="0">
    <subfield code="a">Zenarius, Hieronymus</subfield>
    <subfield code="3">IT\ICCU\CNCT\005827</subfield>
    <subfield code="z">Zenaro, Girolamo</subfield>
  </datafield>
  <datafield tag="801" ind1=" " ind2="3">
    <subfield code="a">IT</subfield>
    <subfield code="b">ICCU</subfield>
    <subfield code="c">20201114</subfield>
  </datafield>
  <datafield tag="899" ind1=" " ind2=" ">
    <subfield code="a">Biblioteca civica A. Mai. Bergamo</subfield>
    <subfield code="1">BG0026</subfield>
    <subfield code="2">LO1 02</subfield>
  </datafield>
</record>
</collection>
